@article{DEV_1992,
    author = {Deville, Jean-Claude and Sarndal, Carl-Erik},
    title = "{Estimators in Survey Sampling}",
    journal = {Journal of the Americam Statistical Association},
    volume = {87},
    number = {418},
    pages = {376-382},
    year = {1992},
    month = {06},
    url = {https://www.jstor.org/stable/2290268},
}
@article{DEV_1993,
    author = {Deville, Jean-Claude and Sarndal, Carl-Erik and Olivier Sautory},
    title = "{Generalized Raking Procedures in Survey Sampling}",
    journal = {Journal of the Americam Statistical Association},
    volume = {88},
    number = {423},
    pages = {1013-1020},
    year = {1993},
    month = {09},
    url = {https://www.jstor.org/stable/2290793},
}
@article{SI_2023,
    author = {Si, Yajuan and Zhou, Peigen},
    title = "{Bayes-Raking: Bayesian Finite Population Inference with Known Margins}",
    journal = {Journal of Survey Statistics and Methodology},
    volume = {9},
    number = {4},
    pages = {833-855},
    year = {2020},
    month = {06},
    issn = {2325-0984},
    doi = {10.1093/jssam/smaa008},
    url = {https://doi.org/10.1093/jssam/smaa008},
    eprint = {https://academic.oup.com/jssam/article-pdf/9/4/833/53479798/smaa008.pdf},
}